<?xml version="1.0" encoding="UTF-8" ?>
<Doc:Document xmlns:Doc="urn:iso:std:iso:20022:tech:xsd:camt.054.001.04">
    <Doc:BkToCstmrDbtCdtNtfctn>
        <Doc:GrpHdr>
            <Doc:MsgId>20221216375204007304861</Doc:MsgId>
            <Doc:CreDtTm>2022-12-16T23:39:55+01:00</Doc:CreDtTm>
            <Doc:MsgPgntn>
                <Doc:PgNb>1</Doc:PgNb>
                <Doc:LastPgInd>true</Doc:LastPgInd>
            </Doc:MsgPgntn>
            <Doc:AddtlInf>SPS/1.7/PROD</Doc:AddtlInf>
        </Doc:GrpHdr>
        <Doc:Ntfctn>
            <Doc:Id>20221216375204007304863</Doc:Id>
            <Doc:CreDtTm>2022-12-16T23:39:55+01:00</Doc:CreDtTm>
            <Doc:FrToDt>
                <Doc:FrDtTm>2022-12-10T00:00:00+01:00</Doc:FrDtTm>
                <Doc:ToDtTm>2022-12-16T23:59:59+01:00</Doc:ToDtTm>
            </Doc:FrToDt>
            <Doc:RptgSrc>
                <Doc:Prtry>OTHR</Doc:Prtry>
            </Doc:RptgSrc>
            <Doc:Acct>
                <Doc:Id>
                    <Doc:IBAN>CH0809000000450010065</Doc:IBAN>
                </Doc:Id>
                <Doc:Ownr>
                    <Doc:Nm>Pfluger Christoph August Der Zeitpunkt Solothurn</Doc:Nm>
                </Doc:Ownr>
            </Doc:Acct>
            <Doc:Ntry>
                <Doc:NtryRef>CH5630000001450010065</Doc:NtryRef>
                <Doc:Amt Ccy="CHF">50.00</Doc:Amt>
                <Doc:CdtDbtInd>CRDT</Doc:CdtDbtInd>
                <Doc:RvslInd>false</Doc:RvslInd>
                <Doc:Sts>BOOK</Doc:Sts>
                <Doc:BookgDt>
                    <Doc:Dt>2022-12-16</Doc:Dt>
                </Doc:BookgDt>
                <Doc:ValDt>
                    <Doc:Dt>2022-12-16</Doc:Dt>
                </Doc:ValDt>
                <Doc:AcctSvcrRef>350220009M2I8XBU</Doc:AcctSvcrRef>
                <Doc:BkTxCd>
                    <Doc:Domn>
                        <Doc:Cd>PMNT</Doc:Cd>
                        <Doc:Fmly>
                            <Doc:Cd>RCDT</Doc:Cd>
                            <Doc:SubFmlyCd>VCOM</Doc:SubFmlyCd>
                        </Doc:Fmly>
                    </Doc:Domn>
                </Doc:BkTxCd>
                <Doc:NtryDtls>
                    <Doc:Btch>
                        <Doc:NbOfTxs>3</Doc:NbOfTxs>
                    </Doc:Btch>
                    <Doc:TxDtls>
                        <Doc:Refs>
                            <Doc:AcctSvcrRef>221215CH09LS26M5</Doc:AcctSvcrRef>
                            <Doc:InstrId>20221215000800994396358</Doc:InstrId>
                            <Doc:Prtry>
                                <Doc:Tp>00</Doc:Tp>
                                <Doc:Ref>20221216375204708963137</Doc:Ref>
                            </Doc:Prtry>
                        </Doc:Refs>
                        <Doc:Amt Ccy="CHF">20.00</Doc:Amt>
                        <Doc:CdtDbtInd>CRDT</Doc:CdtDbtInd>
                        <Doc:BkTxCd>
                            <Doc:Domn>
                                <Doc:Cd>PMNT</Doc:Cd>
                                <Doc:Fmly>
                                    <Doc:Cd>RCDT</Doc:Cd>
                                    <Doc:SubFmlyCd>AUTT</Doc:SubFmlyCd>
                                </Doc:Fmly>
                            </Doc:Domn>
                        </Doc:BkTxCd>
                        <Doc:RltdPties>
                            <Doc:Dbtr>
                                <Doc:Nm>Pfluger, Christoph August</Doc:Nm>
                                <Doc:PstlAdr>
                                    <Doc:StrtNm>Werkhofstrasse</Doc:StrtNm>
                                    <Doc:BldgNb>19</Doc:BldgNb>
                                    <Doc:PstCd>4500</Doc:PstCd>
                                    <Doc:TwnNm>Solothurn</Doc:TwnNm>
                                    <Doc:Ctry>CH</Doc:Ctry>
                                </Doc:PstlAdr>
                            </Doc:Dbtr>
                            <Doc:DbtrAcct>
                                <Doc:Id>
                                    <Doc:IBAN>CH9209000000407516054</Doc:IBAN>
                                </Doc:Id>
                            </Doc:DbtrAcct>
                            <Doc:UltmtDbtr>
                                <Doc:Nm>Linda Biedermann</Doc:Nm>
                                <Doc:PstlAdr>
                                    <Doc:StrtNm>Florastr. 16</Doc:StrtNm>
                                    <Doc:PstCd>4500</Doc:PstCd>
                                    <Doc:TwnNm>Solothurn</Doc:TwnNm>
                                    <Doc:Ctry>CH</Doc:Ctry>
                                </Doc:PstlAdr>
                            </Doc:UltmtDbtr>
                            <Doc:CdtrAcct>
                                <Doc:Id>
                                    <Doc:IBAN>CH5630000001450010065</Doc:IBAN>
                                </Doc:Id>
                            </Doc:CdtrAcct>
                        </Doc:RltdPties>
                        <Doc:RltdAgts>
                            <Doc:DbtrAgt>
                                <Doc:FinInstnId>
                                    <Doc:BICFI>POFICHBEXXX</Doc:BICFI>
                                    <Doc:Nm>POSTFINANCE AG</Doc:Nm>
                                    <Doc:PstlAdr>
                                        <Doc:AdrLine>MINGERSTRASSE 20</Doc:AdrLine>
                                        <Doc:AdrLine>3030 BERN</Doc:AdrLine>
                                    </Doc:PstlAdr>
                                </Doc:FinInstnId>
                            </Doc:DbtrAgt>
                        </Doc:RltdAgts>
                        <Doc:RmtInf>
                            <Doc:Strd>
                                <Doc:CdtrRefInf>
                                    <Doc:Tp>
                                        <Doc:CdOrPrtry>
                                            <Doc:Prtry>QRR</Doc:Prtry>
                                        </Doc:CdOrPrtry>
                                    </Doc:Tp>
                                    <Doc:Ref>000000372142141220226485603</Doc:Ref>
                                </Doc:CdtrRefInf>
                                <Doc:AddtlRmtInf>?REJECT?0</Doc:AddtlRmtInf>
                                <Doc:AddtlRmtInf>?ERROR?000</Doc:AddtlRmtInf>
                                <Doc:AddtlRmtInf>Rechnung Nr. 372142</Doc:AddtlRmtInf>
                            </Doc:Strd>
                        </Doc:RmtInf>
                        <Doc:RltdDts>
                            <Doc:AccptncDtTm>2022-12-16T20:00:00+01:00</Doc:AccptncDtTm>
                        </Doc:RltdDts>
                    </Doc:TxDtls>
                    <Doc:TxDtls>
                        <Doc:Refs>
                            <Doc:AcctSvcrRef>221215CH09LSZ5WQ</Doc:AcctSvcrRef>
                            <Doc:InstrId>20221215000800994366463</Doc:InstrId>
                            <Doc:Prtry>
                                <Doc:Tp>00</Doc:Tp>
                                <Doc:Ref>20221216375204708885249</Doc:Ref>
                            </Doc:Prtry>
                        </Doc:Refs>
                        <Doc:Amt Ccy="CHF">10.00</Doc:Amt>
                        <Doc:CdtDbtInd>CRDT</Doc:CdtDbtInd>
                        <Doc:BkTxCd>
                            <Doc:Domn>
                                <Doc:Cd>PMNT</Doc:Cd>
                                <Doc:Fmly>
                                    <Doc:Cd>RCDT</Doc:Cd>
                                    <Doc:SubFmlyCd>AUTT</Doc:SubFmlyCd>
                                </Doc:Fmly>
                            </Doc:Domn>
                        </Doc:BkTxCd>
                        <Doc:RltdPties>
                            <Doc:Dbtr>
                                <Doc:Nm>Pfluger, Christoph August</Doc:Nm>
                                <Doc:PstlAdr>
                                    <Doc:StrtNm>Werkhofstrasse</Doc:StrtNm>
                                    <Doc:BldgNb>19</Doc:BldgNb>
                                    <Doc:PstCd>4500</Doc:PstCd>
                                    <Doc:TwnNm>Solothurn</Doc:TwnNm>
                                    <Doc:Ctry>CH</Doc:Ctry>
                                </Doc:PstlAdr>
                            </Doc:Dbtr>
                            <Doc:DbtrAcct>
                                <Doc:Id>
                                    <Doc:IBAN>CH9209000000407516054</Doc:IBAN>
                                </Doc:Id>
                            </Doc:DbtrAcct>
                            <Doc:UltmtDbtr>
                                <Doc:Nm>Christoph Pfluger</Doc:Nm>
                                <Doc:PstlAdr>
                                    <Doc:StrtNm>Werkhofstr. 19</Doc:StrtNm>
                                    <Doc:PstCd>4500</Doc:PstCd>
                                    <Doc:TwnNm>Solothurn</Doc:TwnNm>
                                    <Doc:Ctry>CH</Doc:Ctry>
                                </Doc:PstlAdr>
                            </Doc:UltmtDbtr>
                            <Doc:CdtrAcct>
                                <Doc:Id>
                                    <Doc:IBAN>CH5630000001450010065</Doc:IBAN>
                                </Doc:Id>
                            </Doc:CdtrAcct>
                        </Doc:RltdPties>
                        <Doc:RltdAgts>
                            <Doc:DbtrAgt>
                                <Doc:FinInstnId>
                                    <Doc:BICFI>POFICHBEXXX</Doc:BICFI>
                                    <Doc:Nm>POSTFINANCE AG</Doc:Nm>
                                    <Doc:PstlAdr>
                                        <Doc:AdrLine>MINGERSTRASSE 20</Doc:AdrLine>
                                        <Doc:AdrLine>3030 BERN</Doc:AdrLine>
                                    </Doc:PstlAdr>
                                </Doc:FinInstnId>
                            </Doc:DbtrAgt>
                        </Doc:RltdAgts>
                        <Doc:RmtInf>
                            <Doc:Strd>
                                <Doc:CdtrRefInf>
                                    <Doc:Tp>
                                        <Doc:CdOrPrtry>
                                            <Doc:Prtry>QRR</Doc:Prtry>
                                        </Doc:CdOrPrtry>
                                    </Doc:Tp>
                                    <Doc:Ref>000000372144141220225496407</Doc:Ref>
                                </Doc:CdtrRefInf>
                                <Doc:AddtlRmtInf>?REJECT?0</Doc:AddtlRmtInf>
                                <Doc:AddtlRmtInf>?ERROR?000</Doc:AddtlRmtInf>
                                <Doc:AddtlRmtInf>Rechnung Nr. 372144</Doc:AddtlRmtInf>
                            </Doc:Strd>
                        </Doc:RmtInf>
                        <Doc:RltdDts>
                            <Doc:AccptncDtTm>2022-12-16T20:00:00+01:00</Doc:AccptncDtTm>
                        </Doc:RltdDts>
                    </Doc:TxDtls>
                    <Doc:TxDtls>
                        <Doc:Refs>
                            <Doc:AcctSvcrRef>221215CH09LUCD83</Doc:AcctSvcrRef>
                            <Doc:InstrId>20221215000800994414138</Doc:InstrId>
                            <Doc:Prtry>
                                <Doc:Tp>00</Doc:Tp>
                                <Doc:Ref>20221216375204708914844</Doc:Ref>
                            </Doc:Prtry>
                        </Doc:Refs>
                        <Doc:Amt Ccy="CHF">20.00</Doc:Amt>
                        <Doc:CdtDbtInd>CRDT</Doc:CdtDbtInd>
                        <Doc:BkTxCd>
                            <Doc:Domn>
                                <Doc:Cd>PMNT</Doc:Cd>
                                <Doc:Fmly>
                                    <Doc:Cd>RCDT</Doc:Cd>
                                    <Doc:SubFmlyCd>AUTT</Doc:SubFmlyCd>
                                </Doc:Fmly>
                            </Doc:Domn>
                        </Doc:BkTxCd>
                        <Doc:RltdPties>
                            <Doc:Dbtr>
                                <Doc:Nm>Pfluger, Christoph August</Doc:Nm>
                                <Doc:PstlAdr>
                                    <Doc:StrtNm>Werkhofstrasse</Doc:StrtNm>
                                    <Doc:BldgNb>19</Doc:BldgNb>
                                    <Doc:PstCd>4500</Doc:PstCd>
                                    <Doc:TwnNm>Solothurn</Doc:TwnNm>
                                    <Doc:Ctry>CH</Doc:Ctry>
                                </Doc:PstlAdr>
                            </Doc:Dbtr>
                            <Doc:DbtrAcct>
                                <Doc:Id>
                                    <Doc:IBAN>CH9209000000407516054</Doc:IBAN>
                                </Doc:Id>
                            </Doc:DbtrAcct>
                            <Doc:UltmtDbtr>
                                <Doc:Nm>Linda Biedermann</Doc:Nm>
                                <Doc:PstlAdr>
                                    <Doc:StrtNm>Spinngasse 6</Doc:StrtNm>
                                    <Doc:PstCd>4552</Doc:PstCd>
                                    <Doc:TwnNm>Derendingen</Doc:TwnNm>
                                    <Doc:Ctry>CH</Doc:Ctry>
                                </Doc:PstlAdr>
                            </Doc:UltmtDbtr>
                            <Doc:CdtrAcct>
                                <Doc:Id>
                                    <Doc:IBAN>CH5630000001450010065</Doc:IBAN>
                                </Doc:Id>
                            </Doc:CdtrAcct>
                        </Doc:RltdPties>
                        <Doc:RltdAgts>
                            <Doc:DbtrAgt>
                                <Doc:FinInstnId>
                                    <Doc:BICFI>POFICHBEXXX</Doc:BICFI>
                                    <Doc:Nm>POSTFINANCE AG</Doc:Nm>
                                    <Doc:PstlAdr>
                                        <Doc:AdrLine>MINGERSTRASSE 20</Doc:AdrLine>
                                        <Doc:AdrLine>3030 BERN</Doc:AdrLine>
                                    </Doc:PstlAdr>
                                </Doc:FinInstnId>
                            </Doc:DbtrAgt>
                        </Doc:RltdAgts>
                        <Doc:RmtInf>
                            <Doc:Strd>
                                <Doc:CdtrRefInf>
                                    <Doc:Tp>
                                        <Doc:CdOrPrtry>
                                            <Doc:Prtry>QRR</Doc:Prtry>
                                        </Doc:CdOrPrtry>
                                    </Doc:Tp>
                                    <Doc:Ref>000000372143141220225247907</Doc:Ref>
                                </Doc:CdtrRefInf>
                                <Doc:AddtlRmtInf>?REJECT?0</Doc:AddtlRmtInf>
                                <Doc:AddtlRmtInf>?ERROR?000</Doc:AddtlRmtInf>
                                <Doc:AddtlRmtInf>Rechnung Nr. 372143</Doc:AddtlRmtInf>
                            </Doc:Strd>
                        </Doc:RmtInf>
                        <Doc:RltdDts>
                            <Doc:AccptncDtTm>2022-12-16T20:00:00+01:00</Doc:AccptncDtTm>
                        </Doc:RltdDts>
                    </Doc:TxDtls>
                </Doc:NtryDtls>
                <Doc:AddtlNtryInf>SAMMELGUTSCHRIFT F&#220;R KONTO: CH5630000001450010065 VERARBEITUNG VOM 16.12.2022 PAKET ID: 221216CH000008UO</Doc:AddtlNtryInf>
            </Doc:Ntry>
        </Doc:Ntfctn>
    </Doc:BkToCstmrDbtCdtNtfctn>
</Doc:Document>